
@incollection{billard2008robot,
	title={Robot programming by demonstration},
	author={Billard, Aude and Calinon, Sylvain and Dillmann, Ruediger and Schaal, Stefan},
	booktitle={Springer Handbook of Robotics},
	pages={1371--1394},
	year={2008},
	publisher={Springer}
}

@book{ghallab2004automated,
	title={{Automated planning: Theory \& Practice}},
	author={Ghallab, Malik and Nau, Dana and Traverso, Paolo},
	year={2004},
	publisher={Elsevier}
}

@article{Biggs2003,
author = {Biggs, Geoffrey and Macdonald, Bruce},
journal = {Australasian Conference on Robotics and Automation},
pages = {1--3},
title = {{A Survey of Robot Programming Systems}},
year = {2003}
}


@misc{lego2003,
  author={Lego},
  title={Lego Mindstorms},
  howpublished={\url{http://mindstorms.lego.com}},
  year={2003},
  note = {Accessed: 2019-03-12}
}

@misc{fraser2013blockly,
	title={{Blockly: A visual programming editor}},
	author={Fraser, N},
	howpublished={\url{https://developers.google.com/blockly/}},
	year={2013},
	note = {Accessed: 2019-04-01}
}
@book{majed2014learn,
	title={Learn to program with Scratch: a visual introduction to programming with games, art, science, and math},
	author={Marji Majed},
	year={2014},
	publisher={No Starch Press Inc.}
}
@article{schmidhuber2015deep,
	title={Deep learning in neural networks: An overview},
	author={Schmidhuber, J{\"u}rgen},
	journal={Neural networks},
	volume={61},
	pages={85--117},
	year={2015},
	publisher={Elsevier}
}
@article{kaelbling1996reinforcement,
title={Reinforcement learning: A survey},
author={Kaelbling, Leslie Pack and Littman, Michael L and Moore, Andrew W},
journal={Journal of artificial intelligence research},
volume={4},
pages={237--285},
year={1996}
}
@article{gosavi2009reinforcement,
title={Reinforcement learning: A tutorial survey and recent advances},
author={Gosavi, Abhijit},
journal={Journal on Computing},
volume={21},
number={2},
pages={178--192},
year={2009},
publisher={INFORMS}
}
@article{argall2009survey,
	title={A survey of robot learning from demonstration},
	author={Argall, Brenna D and Chernova, Sonia and Veloso, Manuela and Browning, Brett},
	journal={Robotics and Autonomous Systems},
	volume={57},
	number={5},
	pages={469--483},
	year={2009},
	publisher={Elsevier}
}
@article{calinon2007incremental,
  title={Incremental learning of gestures by imitation in a humanoid robot},
  author={Calinon, Sylvain and Billard, Aude},
  journal={International Conference on Human-Robot Interaction},
  pages={255--262},
  year={2007},
  organization={ACM}
}
@article{pastor2009learning,
  title={Learning and generalization of motor skills by learning from demonstration},
  author={Pastor, Peter and Hoffmann, Heiko and Asfour, Tamim and Schaal, Stefan},
  journal={International Conference on Robotics and Automation},
  pages={763--768},
  year={2009},
  organization={IEEE}
}
@article{akgun2012keyframe,
	title={Keyframe-based learning from demonstration},
	author={Akgun, Baris and Cakmak, Maya and Jiang, Karl and Thomaz, Andrea L},
	journal={International Journal of Social Robotics},
	volume={4},
	number={4},
	pages={343--355},
	year={2012},
	publisher={Springer}
}
@article{suay2012practical,
  title={A practical comparison of three robot learning from demonstration algorithm},
  author={Suay, Halit Bener and Toris, Russell and Chernova, Sonia},
  journal={International Journal of Social Robotics},
  volume={4},
  number={4},
  pages={319--330},
  year={2012},
  publisher={Springer}
}
@article{alexandrova2014robot,
  title={{Robot Programming by Demonstration with Interactive Action Visualizations}},
  author={Alexandrova, Sonya and Cakmak, Maya and Hsiao, Kaijen and Takayama, Leila},
  journal={Robotics: Science and Systems},
  year={2014}
}
@article{fikes1971strips,
  title={{STRIPS: A new approach to the application of theorem proving to problem solving}},
  author={Fikes, Richard E and Nilsson, Nils J},
  journal={Artificial intelligence},
  volume={2},
  number={3-4},
  pages={189--208},
  year={1971},
  publisher={Elsevier}
}
@inproceedings{liang2019d,
	title={{End-User Programming of Low- and High-Level Actions for Robotic Task Planning}},
	author={Liang, Ying Siu and Pellier, Damien and Fiorino, Humbert and Pesty, Sylvie},
	booktitle={International Symposium on Robot and Human Interactive Communication},
	year={2019}
}

@inproceedings{liang2018c,
	title={{Simultaneous End-User Programming of Goals and Actions for Robotic Shelf Organization}},
	author={Liang, Ying Siu and Pellier, Damien and Fiorino, Humbert and Pesty, Sylvie and Maya Cakmak},
	booktitle={2018 International Conference on Intelligent Robots and Systems},
	year={2018}
}

@inproceedings{liang2017b,
  title={Evaluation of a Robot Programming Framework for Non-Experts using Symbolic Planning Representations},
  author={Liang, Ying Siu and Pellier, Damien and Fiorino, Humbert and Pesty, Sylvie},
  booktitle={International Symposium on Robot and Human Interactive Communication},
  year={2017}
}

@inproceedings{liang2017a,
  title={A Framework for Robot Programming in Cobotic Environments: First User Experiments},
  author={Liang, Ying Siu and Pellier, Damien and Fiorino, Humbert and Pesty, Sylvie},
  booktitle={International Conference on Mechatronics and Robotics Engineering},
  pages={30--35},
  year={2017},
  organization={ACM}
}

@article{simpson2007planning,
	title={{Planning domain definition using GIPO}},
	author={Simpson, Ron M and Kitchin, Diane E and McCluskey, Thomas Leo},
	journal={The Knowledge Engineering Review},
	volume={22},
	number={2},
	pages={117--134},
	year={2007},
	publisher={Cambridge University Press}
}
@inproceedings{quigley2009ros,
	title={{ROS: an open-source Robot Operating System}},
	author={Quigley, Morgan and Faust, Josh and Foote, Tully and Leibs, Jeremy},
	year={2009},
	booktitle={ICRA workshop on open source software}
}
@inproceedings{niekum2012learning,
  title={Learning and generalization of complex tasks from unstructured demonstrations},
  author={Niekum, Scott and Osentoski, Sarah and Konidaris, George and Barto, Andrew G},
  booktitle={International Conference on Intelligent Robots and Systems},
  pages={5239--5246},
  year={2012},
  organization={IEEE}
}
@inproceedings{li2016learning,
	title={Learning object orientation constraints and guiding constraints for narrow passages from one demonstration},
	author={Li, Changshuo and Berenson, Dmitry},
	booktitle={International symposium on experimental robotics},
	pages={197--210},
	year={2016},
	organization={Springer}
}
@article{ahmadzadeh2015learning,
	title={Learning symbolic representations of actions from human demonstrations},
	author={Ahmadzadeh, Seyed Reza and Paikan, Ali and Mastrogiovanni, Fulvio and Natale, Lorenzo and Kormushev, Petar and Caldwell, Darwin G},
	journal={International Conference on Robotics and Automation},
	pages={3801--3808},
	year={2015},
	organization={IEEE}
}
@inproceedings{abdo2013learning,
	title={Learning manipulation actions from a few demonstrations},
	author={Abdo, Nichola and Kretzschmar, Henrik and Spinello, Luciano and Stachniss, Cyrill},
	booktitle={International Conference on Robotics and Automation},
	pages={1268--1275},
	year={2013},
	organization={IEEE}
}
@article{konidaris2018fromSkills,
	title={From skills to symbols: Learning symbolic representations for abstract high-level planning},
	author={ Konidaris, George and Kaelbling,Leslie Pack and Lozano-Perez,  Tomas },
	journal={Journal of Artificial Intelligence Research},
	volume={61},
	number={},
	pages={215-289},
	year={2018},
	publisher={}
}
@article{hoffmann2001ff,
	title={{The FF planning system: Fast plan generation through heuristic search}},
	author={Hoffmann, J{\"o}rg and Nebel, Bernhard},
	journal={Journal of Artificial Intelligence Research},
	volume={14},
	pages={253--302},
	year={2001}
}

@inproceedings{mandran2017thedre,
	title={{THEDRE: a Traceable Process for High Quality in Human Centred Computer Science Research}},
	author={Mandran, Nadine and Dupuy-Chessa, Sophie},
	booktitle={International conference of System Development},
	year={2017}
}

@article{brooke2013sus,
	title={{SUS: A retrospective}},
	author={Brooke, John},
	journal={Journal of usability studies},
	volume={8},
	number={2},
	pages={29--40},
	year={2013},
	publisher={Usability Professionals' Association}
}
@article{bangor2008suseval,
	author = { Aaron   Bangor  and  Philip T.   Kortum  and  James T.   Miller },
	title = {An Empirical Evaluation of the System Usability Scale},
	journal = {International Journal of Human-Computer Interaction},
	volume = {24},
	number = {6},
	pages = {574-594},
	year  = {2008},
	publisher = {Taylor & Francis},
}

@misc{nps,
	author={Sauro, Jeff},
	title={Predicting Net Promoter Scores from System Usability Scale Scores},
	howpublished = {\url{https://measuringu.com/nps-sus/}},
	year={2012},
	note = {Accessed: 2019-04-16}
}


@inproceedings{mandran2018traceable,
	title={{Traceable Human Experiment Design Research: Theoretical Model and Practical Guide}},
	author={Nadine Mandran},
	booktitle={ISTE ltd.},
	year={2018}
}
@misc{baxtereyes,
	author={Gaisne, Anne},
	title={Baxter Eyes},
	howpublished = {\url{https://github.com/Anne-Gaisne/baxter_eyes}},
	year={2018},
	note = {Accessed: 2019-04-11}
}
@misc{baxteremojis,
	title={{ The Rise of the Robotic Work Force}},
	author={Freedman, David H.},
	howpublished={\url{https://www.inc.com/magazine/201210/david-h-freedman/the-rise-of-the-robotic-workforce.html}},
	year={2012},
	note = {Accessed: 2019-04-11}
}
@article{paxton2017costar,
	title={{CoSTAR: Instructing collaborative robots with behavior trees and vision}},
	author={Paxton, Chris and Hundt, Andrew and Jonathan, Felix and Guerin, Kelleher and Hager, Gregory D},
	journal={International Conference on Robotics and Automation},
	pages={564--571},
	year={2017},
	organization={IEEE}
}
@article{perzylo2016intuitive,
	title={Intuitive instruction of industrial robots: Semantic process descriptions for small lot production},
	author={Perzylo, Alexander and Somani, Nikhil and Profanter, Stefan and Kessler, Ingmar and Rickert, Markus and Knoll, Alois},
	journal={International Conference on Intelligent Robots and Systems},
	pages={2293--2300},
	year={2016},
	organization={IEEE}
}

@inproceedings{stenmark2017simplified,
  title={Simplified Programming of Re-usable Skills on a Safe Industrial Robot: Prototype and Evaluation},
  author={Stenmark, Maj and Haage, Mathias and Topp, Elin Anna},
  booktitle={International Conference on Human-Robot Interaction},
  pages={463--472},
  year={2017},
  organization={ACM}
}

@article{plch2012inspect,
	title={{Inspect, edit and debug PDDL documents: Simply and efficiently with PDDL studio}},
	author={Plch, Tomas and Chomut, Miroslav and Brom, Cyril and Bart{\'a}k, Roman},
	journal={International Conference on Automated Planning and Scheduling: System Demonstration},
	year={2012}
}
@article{vaquero2013itsimple,
	title={{itSIMPLE: towards an integrated design system for real planning applications}},
	author={Vaquero, Tiago S and Silva, Jos{\'e} R and Tonidandel, Flavio and Beck, J Christopher},
	journal={The Knowledge Engineering Review},
	volume={28},
	number={2},
	pages={215--230},
	year={2013},
	publisher={Cambridge University Press}
}

@inproceedings{cashmore2015rosplan,
	title={{ROSPlan: Planning in the Robot Operating System}},
	author={Cashmore, Michael and Fox, Maria},
	booktitle={International Conference on Automated Planning and Scheduling},
	year={2015},
	pages={333--341 }
}
@inproceedings{kuhner2018closed,
	title={Closed-loop robot task planning based on referring expressions},
	author={Kuhner, Daniel and Aldinger, Johannes and Burget, Felix and G{\"o}belbecker, Mara and Burgard, Wolfram and Nebel, Bernhard},
	booktitle={International Conference on Intelligent Robots and Systems},
	pages={876--881},
	year={2018},
	organization={IEEE}
}

@article{she2014teaching,
  title={Teaching robots new actions through natural language instructions},
  author={She, Lanbo and Cheng, Yu and Chai, Joyce Y and Jia, Yunyi and Yang, Shaohua and Xi, Ning},
  journal={International Symposium on Robot and Human Interactive Communication},
  pages={868--873},
  year={2014},
  organization={IEEE}
}
@article{jetchev2013learning,
	title={Learning grounded relational symbols from continuous data for abstract reasoning},
	author={Jetchev, Nikolay and Lang, Tobias and Toussaint, Marc},
	publisher={Citeseer},
	year={2013}
}
@article{ugur2015bottom,
	title={Bottom-up learning of object categories, action effects and logical rules: From continuous manipulative exploration to symbolic planning},
	author={Ugur, Emre and Piater, Justus},
	journal={International Conference on Robotics and Automation},
	pages={2627--2633},
	year={2015},
	organization={IEEE}
}
@article{pais2013assessing,
  title={Assessing interaction dynamics in the context of robot programming by demonstration},
  author={Pais, Ana Lucia and Argall, Brenna D and Billard, Aude G},
  journal={International Journal of Social Robotics},
  volume={5},
  number={4},
  pages={477--490},
  year={2013},
  publisher={Springer}
}


